@inproceedings{faruk2021malware,
  title={Malware Detection and Prevention using Artificial Intelligence Techniques},
  author={Faruk, Md Jobair Hossain and Shahriar, Hossain and Valero, Maria and Barsha, Farhat Lamia and Sobhan, Shahriar and Khan, Md Abdullah and Whitman, Michael and Cuzzocrea, Alfredo and Lo, Dan and Rahman, Akond and others},
  booktitle={2021 IEEE International Conference on Big Data (Big Data)},
  pages={5369--5377},
  year={2021},
  organization={IEEE}
}

@article{libri2020paella,
  title={pAElla: Edge AI-based real-time malware detection in data centers},
  author={Libri, Antonio and Bartolini, Andrea and Benini, Luca},
  journal={IEEE Internet of Things Journal},
  volume={7},
  number={10},
  pages={9589--9599},
  year={2020},
  publisher={IEEE}
}

@article{huang2020research,
  title={Research on malware detection and classification based on artificial intelligence},
  author={Huang, Li-Chin and Chang, Chun-Hsien and Hwang, Min-Shiang},
  journal={International Journal of Network Security},
  volume={22},
  number={5},
  pages={717--727},
  year={2020},
  publisher={捷頂科技有限公司}
}

@article{majid2021review,
  title={A review of artificial intelligence based malware detection using deep learning},
  author={Majid, Al-Ani Mustafa and Alshaibi, Ahmed Jamal and Kostyuchenko, Evgeny and Shelupanov, Alexander},
  journal={Materials Today: Proceedings},
  year={2021},
  publisher={Elsevier}
}

@article{gupta2020ai,
  title={AI assisted malware analysis: A course for next generation cybersecurity workforce},
  author={Gupta, Maanak and Mittal, Sudip and Abdelsalam, Mahmoud},
  journal={arXiv preprint arXiv:2009.11101},
  year={2020}
}

@inproceedings{abdelsalam2021artificial,
  title={Artificial intelligence assisted malware analysis},
  author={Abdelsalam, Mahmoud and Gupta, Maanak and Mittal, Sudip},
  booktitle={Proceedings of the 2021 ACM Workshop on Secure and Trustworthy Cyber-Physical Systems},
  pages={75--77},
  year={2021}
}

@article{alkahtani2022artificial,
  title={Artificial Intelligence Algorithms for Malware Detection in Android-Operated Mobile Devices},
  author={Alkahtani, Hasan and Aldhyani, Theyazn HH},
  journal={Sensors},
  volume={22},
  number={6},
  pages={2268},
  year={2022},
  publisher={MDPI}
}

@inproceedings{ferdaos2020smart,
  title={Smart Malware Detection: From Signatures to Artificial Intelligence},
  author={Ferdaos, Jannatul and Vaya, Chandani and Bhalla, Anchal and Tharayil, Ami and El Barachi, May},
  booktitle={2020 5th International Conference on Smart and Sustainable Technologies (SpliTech)},
  pages={1--6},
  year={2020},
  organization={IEEE}
}

@inproceedings{poudyal2020ai,
  title={AI-powered ransomware detection framework},
  author={Poudyal, Subash and Dasgupta, Dipankar},
  booktitle={2020 IEEE Symposium Series on Computational Intelligence (SSCI)},
  pages={1154--1161},
  year={2020},
  organization={IEEE}
}

@article{vinayakumar2019robust,
  title={Robust intelligent malware detection using deep learning},
  author={Vinayakumar, R and Alazab, Mamoun and Soman, KP and Poornachandran, Prabaharan and Venkatraman, Sitalakshmi},
  journal={IEEE Access},
  volume={7},
  pages={46717--46738},
  year={2019},
  publisher={IEEE}
}

@article{saad2019curious,
  title={The curious case of machine learning in malware detection},
  author={Saad, Sherif and Briguglio, William and Elmiligi, Haytham},
  journal={arXiv preprint arXiv:1905.07573},
  year={2019}
}

@article{scott2017signature,
  title={Signature based malware detection is dead},
  author={Scott, James},
  journal={Institute for Critical Infrastructure Technology},
  year={2017}
}