@article{kuzlu2021role,
  title={Role of artificial intelligence in the Internet of Things (IoT) cybersecurity},
  author={Kuzlu, Murat and Fair, Corinne and Guler, Ozgur},
  journal={Discover Internet of things},
  volume={1},
  number={1},
  pages={1--14},
  year={2021},
  publisher={Springer}
}

@inproceedings{laato2020ai,
  title={Ai in cybersecurity education-a systematic literature review of studies on cybersecurity moocs},
  author={Laato, Samuli and Farooq, Ali and Tenhunen, Henri and Pitkamaki, Tinja and Hakkala, Antti and Airola, Antti},
  booktitle={2020 IEEE 20th International Conference on Advanced Learning Technologies (ICALT)},
  pages={6--10},
  year={2020},
  organization={IEEE}
}

@article{sarker2021ai,
  title={Ai-driven cybersecurity: an overview, security intelligence modeling and research directions},
  author={Sarker, Iqbal H and Furhad, Md Hasan and Nowrozy, Raza},
  journal={SN Computer Science},
  volume={2},
  number={3},
  pages={1--18},
  year={2021},
  publisher={Springer}
}

@inproceedings{lazic2019benefit,
  title={Benefit from Ai in cybersecurity},
  author={LAZI{\'C}, LJUBOMIR},
  booktitle={The 11th International Conference on Business Information Security (BISEC-2019), 18th October 2019, Belgrade, Serbia},
  year={2019}
}

@article{stevens2020knowledge,
  title={Knowledge in the grey zone: AI and cybersecurity},
  author={Stevens, Tim},
  journal={Digital War},
  volume={1},
  number={1},
  pages={164--170},
  year={2020},
  publisher={Springer}
}